@string{BI = "Bioinformatics"}
@string{BMCBI = "BMC Bioinformatics"}
@string{GR = "Genome Research"}
@string{JCB = "Journal of Computational Biology"}
@string{JMB = "Journal of Molecular Biology"}
@string{JME = "Journal of Molecular Evolution"}
@string{MBE = "Molecular Biology and Evolution"}
@string{NAR = "Nucleic Acids Research"}
@string{PLOSCOMPBIO = "PLoS Computational Biology"}
@string{SIAM = "SIAM Journal of Applied Mathematics"}

@ARTICLE{WestessonEtAl2012,
  title       = "Accurate reconstruction of insertion-deletion histories by
                 statistical phylogenetics",
  author      = "Westesson, Oscar and Lunter, Gerton and Paten, Benedict and
                 Holmes, Ian",
  affiliation = "University of California Berkeley and University of California
                 San Francisco Graduate Program in Bioengineering, University
                 of California, Berkeley, California, United States of America.",
  abstract    = "The Multiple Sequence Alignment (MSA) is a computational
                 abstraction that represents a partial summary either of indel
                 history, or of structural similarity. Taking the former view
                 (indel history), it is possible to use formal automata theory
                 to generalize the phylogenetic likelihood framework for finite
                 substitution models (Dayhoff's probability matrices and
                 Felsenstein's pruning algorithm) to arbitrary-length
                 sequences. In this paper, we report results of a
                 simulation-based benchmark of several methods for
                 reconstruction of indel history. The methods tested include a
                 relatively new algorithm for statistical marginalization of
                 MSAs that sums over a stochastically-sampled ensemble of the
                 most probable evolutionary histories. For mammalian
                 evolutionary parameters on several different trees, the single
                 most likely history sampled by our algorithm appears less
                 biased than histories reconstructed by other MSA methods. The
                 algorithm can also be used for alignment-free inference, where
                 the MSA is explicitly summed out of the analysis. As an
                 illustration of our method, we discuss reconstruction of the
                 evolutionary histories of human protein-coding genes.",
  journal     = "PLoS One",
  volume      =  7,
  number      =  4,
  pages       = "e34572",
  month       =  "20~" # apr,
  year        =  2012
}


@article{RedelingsSuchard2007,
   author   = {Redelings, B. D. and Suchard, M. A.},
   year     = 2007,
   journal  = {BMC Evolutionary Biology},
   pages    = {40},
   title    = {Incorporating indel information into phylogeny estimation
              for rapidly emerging pathogens.},
   volume   = {7}
}

@article{RedelingsSuchard2005,
   author   = {Redelings, B. D. and Suchard, M. A.},
   year = 2005,
   journal  = {Systematic Biology},
   number   = {3},
   pages    = {401-418},
   title    = {Joint {B}ayesian estimation of alignment and phylogeny.},
   volume   = {54}
}

@article{LoytynojaGoldman2008,
  author = 	 {L\"oytynoja,  A and Goldman, N},
  title = 	 {Phylogeny-aware gap placement prevents errors in sequence alignment and evolutionary analysis}, 
   Journal={Science},
   Year={2008},
   Volume={320},
   Number={5883},
   Pages={1632--1635},
   month ={Jun}
}


% 24866534 
@Article{Redelings2014,
   Author="Redelings, B. ",
   Title="{{E}rasing errors due to alignment ambiguity when estimating positive selection}",
   Journal=MBE,
   Year="2014",
   Volume="31",
   Number="8",
   Pages="1979--1993",
   Month="Aug"
}

% 24899668 
@Article{HermanEtAl2014,
   Author="Herman, J. L.  and Challis, C. J.  and Novak, A.  and Hein, J.  and Schmidler, S. C. ",
   Title="{{S}imultaneous {B}ayesian estimation of alignment and phylogeny under a joint model of protein sequence and structure}",
   Journal="Mol. Biol. Evol.",
   Year="2014",
   Volume="31",
   Number="9",
   Pages="2251--2266",
   Month="Sep"
}

% 25888064 
@Article{HermanEtAl2015,
   Author="Herman, J. L.  and Novak, A.  and Lyngsoe, R.  and Szabo, A.  and Miklos, I.  and Hein, J. ",
   Title="{{E}fficient representation of uncertainty in multiple sequence alignments using directed acyclic graphs}",
   Journal="BMC Bioinformatics",
   Year="2015",
   Volume="16",
   Pages="108"
}

% 22285828 
@Article{WestessonBarquistHolmes2012,
   Author="Westesson, O.  and Barquist, L.  and Holmes, I. ",
   Title="{{H}and{A}lign: {B}ayesian multiple sequence alignment, phylogeny, and ancestral reconstruction}",
   Journal="Bioinformatics",
   Year="2012",
   Month="Jan"
}

% 18256669 
@Article{GaucherEtAl2008,
   Author="Gaucher, E. A.  and Govindarajan, S.  and Ganesh, O. K. ",
   Title="{{P}alaeotemperature trend for {P}recambrian life inferred from resurrected proteins}",
   Journal="Nature",
   Year="2008",
   Volume="451",
   Number="7179",
   Pages="704--707",
   Month="Feb"
}

% 17702911 
@Article{OrtlundEtAl2007,
   Author="Ortlund, E. A.  and Bridgham, J. T.  and Redinbo, M. R.  and Thornton, J. W. ",
   Title="{{C}rystal structure of an ancient protein: evolution by conformational epistasis}",
   Journal="Science",
   Year="2007",
   Volume="317",
   Number="5844",
   Pages="1544--1548",
   Month="Sep"
}

% 15353795 
@Article{UgaldeEtAl2004,
   Author="Ugalde, J. A.  and Chang, B. S.  and Matz, M. V. ",
   Title="{{E}volution of coral pigments recreated}",
   Journal="Science",
   Year="2004",
   Volume="305",
   Number="5689",
   Pages="1433",
   Month="Sep"
}

% 26186661 
@Article{SantiagoOrtizEtAl2015,
   Author="Santiago-Ortiz, J.  and Ojala, D. S.  and Westesson, O.  and Weinstein, J. R.  and Wong, S. Y.  and Steinsapir, A.  and Kumar, S.  and Holmes, I.  and Schaffer, D. V. ",
   Title="{{A}{A}{V} ancestral reconstruction library enables selection of broadly infectious viral variants}",
   Journal="Gene Ther.",
   Year="2015",
   Volume="22",
   Number="12",
   Pages="934--946",
   Month="Dec"
}

% 21723874 
@Article{AlcolombriEtAl2011,
   Author="Alcolombri, U.  and Elias, M.  and Tawfik, D. S. ",
   Title="{{D}irected evolution of sulfotransferases and paraoxonases by ancestral libraries}",
   Journal="J. Mol. Biol.",
   Year="2011",
   Volume="411",
   Number="4",
   Pages="837--853",
   Month="Aug"
}

% 22661579 
@Article{pmid22661579,
   Author="Ashkenazy, H.  and Penn, O.  and Doron-Faigenboim, A.  and Cohen, O.  and Cannarozzi, G.  and Zomer, O.  and Pupko, T. ",
   Title="{{F}ast{M}{L}: a web server for probabilistic reconstruction of ancestral sequences}",
   Journal="Nucleic Acids Res.",
   Year="2012",
   Volume="40",
   Number="Web Server issue",
   Pages="W580--584",
   Month="Jul"
}

@book{Liberles2007,
  title={Ancestral Sequence Reconstruction},
  editor={Liberles, D.A.},
  isbn={9780199299188},
  lccn={2007299128},
  series={Oxford biosciences},
  url={https://books.google.com/books?id=1\_uPZWm1nSYC},
  year={2007},
  publisher={OUP Oxford}
}

@incollection{JukesCantor69,
  author = "Jukes, T. H. and Cantor, C. ",
  title = "Evolution of protein molecules",
  booktitle = "Mammalian Protein Metabolism",
  pages = "21-132",
  publisher = "Academic Press",
  address = "New York",
  year = 1969
}

@incollection{DayhoffEtal72,
  author = "Dayhoff, M. O. and Eck, R. V. and Park, C. M.",
  title=	"A Model of Evolutionary Change in Proteins",
  booktitle= "Atlas of Protein Sequence and Structure",
  editor = "M. O. Dayhoff",
  publisher="National Biomedical Research Foundation",
  address = "Washington, DC",
  year=	"1972",
  volume = 5,
  pages = "89-99"
}

@incollection{DayhoffEtal78,
  author=	"M. O. Dayhoff and R. M. Schwartz and B. C. Orcutt",
  title=	"A Model of Evolutionary Change in Proteins",
  booktitle= "Atlas of Protein Sequence and Structure",
  editor = "M. O. Dayhoff",
  publisher="National Biomedical Research Foundation",
  address = "Washington, DC",
  year=	1978,
  volume = "5, supplement 3",
  pages = "345-352"
}

@article{Kimura80,
  author = "Kimura, M.",
  title = "A simple method for estimating evolutionary rates of base
		  substitutions through comparative studies of
		  nucleotide sequences",
  journal = JME,
  volume = 16,
  pages = "111-120",
  year = 1980
}

@Article{Felsenstein81,
  author = "Felsenstein, J.",
  title = 	 "Evolutionary Trees from {DNA} Sequences: a Maximum
		  Likelihood Approach",
  journal = 	 JME,
  year = 	 1981,
  volume = 	 17,
  pages = 	 "368-376"
}

% 19714212 
@Article{BradleyHolmes2009,
   Author="Bradley, R. K.  and Holmes, I. ",
   Title="{{E}volutionary triplet models of structured {R}{N}{A}}",
   Journal=PLOSCOMPBIO,
   Year="2009",
   Volume="5",
   Number="8",
   Pages="e1000483",
   Month="Aug"
}

% 24135792 
@Article{BouchardCote2013,
   Author="Bouchard-C\^{o}t\'{e}, A. ",
   Title="{{A} note on probabilistic models over strings: the linear algebra approach}",
   Journal="Bulletin of Mathematical Biology",
   Year="2013",
   Volume="75",
   Number="12",
   Pages="2529--2550",
   Month="Dec"
}

@article{SaitouNei87,
  author = "Saitou, N. and Nei, M. ",
  title = "The neighbor-joining method: a new method for
		  reconstructing phylogenetic trees.",
  journal = MBE,
  volume = 4,
  pages = "406-425",
  year = 1987
}

@article{HolmesBruno2001,
  author = 	 {Holmes, I. and Bruno, W. J.},
  title = 	 {Evolutionary {HMM}s: a {B}ayesian approach to multiple alignment},
  year =         2001,
  journal = "Bioinformatics",
  volume = 17,
  number = 9,
  pages = {803-820}
}

@Article{HolmesRubin2002,
  author = 	 {Holmes, I. and Rubin, G. M.},
  title = 	 {An {E}xpectation {M}aximization algorithm for training hidden substitution models},
  journal = JMB,
  volume = 317,
  number = 5,
  pages = {757-768},
  year = 2002
}

@Article{Sankoff85,
  author = 	 {Sankoff, D.},
  title = 	 {Simultaneous solution of the {RNA} folding, alignment, and protosequence problems},
  journal = 	 SIAM,
  year = 	 1985,
  volume = 	 45,
  pages = 	 {810-825}
}

% 23877246 
@Article{SzalkowskiAnisimova2013,
   Author="Szalkowski, A. M.  and Anisimova, M. ",
   Title="{{G}raph-based modeling of tandem repeats improves global multiple sequence alignment}",
   Journal=NAR,
   Year="2013",
   Volume="41",
   Number="17",
   Pages="e162",
   Month="Sep"
}

% 26652060 
@Article{RivasEddy2015,
   Author="Rivas, E.  and Eddy, S. R. ",
   Title="{{P}arameterizing sequence alignment with an explicit evolutionary model}",
   Journal="BMC Bioinformatics",
   Year="2015",
   Volume="16",
   Pages="406"
}

@article{StropeEtAl2009,
  author = 	 {Strope, CL and Abel, K and Scott, SD and Moriyama, EN},
  title = 	 {Biological sequence simulation for testing complex evolutionary hypotheses: indel-{S}eq-{G}en version 2.0}, 
   Journal=MBE,
   Year={2009},
   Volume={26},
   Number={11},
   Pages={2581-93},
   month ={Aug}
}

% 27638547 
@Article{Ezawa2016b,
   Author="Ezawa, K. ",
   Title="{{G}eneral continuous-time {M}arkov model of sequence evolution via insertions/deletions: are alignment probabilities factorable?}",
   Journal="BMC Bioinformatics",
   Year="2016",
   Volume="17",
   Pages="304",
   Month="Aug"
}

% 27832741 
@Article{Ezawa2016bErratum,
   Author="Ezawa, K. ",
   Title="{{E}rratum to: {G}eneral continuous-time {M}arkov model of sequence evolution via insertions/deletions: are alignment probabilities factorable?}",
   Journal="BMC Bioinformatics",
   Year="2016",
   Volume="17",
   Number="1",
   Pages="457",
   Month="Nov"
}

% 27677569 
@Article{Ezawa2016a,
   Author="Ezawa, K. ",
   Title="{{G}eneral continuous-time {M}arkov model of sequence evolution via insertions/deletions: local alignment probability computation}",
   Journal="BMC Bioinformatics",
   Year="2016",
   Volume="17",
   Number="1",
   Pages="397",
   Month="Sep"
}


@article{MiklosLunterHolmes2004,
  author =  {I. Mikl\'{o}s and Lunter, G. and Holmes, I.},
  title =   {A long indel model for evolutionary sequence alignment},
  journal = MBE,
  year =    2004,
  volume =  21,
  number =  3,
  pages =   {529-540}
}

@article{KnudsenMiyamoto2003,
  author = 	 {Knudsen, B. and Miyamoto, M.},
  title = 	 {Sequence Alignments and Pair Hidden {M}arkov Models Using Evolutionary History},
  journal = JMB,
  year = 2003,
  volume = 333,
  number = 2,
  pages = {453-460}
}

@Article{LunterHein04,
  author = 	 {Lunter, G.A. and Hein, J.},
  title = 	 {A nucleotide substitution model with nearest-neighbour interactions},
  journal = 	 BI,
  year = 	 2004,
   Volume="20 Suppl 1",
   Pages="I216-I223"
}

@Article{Holmes2004,
  author = 	 {Holmes, I.},
  title = 	 {A probabilistic model for the evolution of {RNA} structure},
  journal = 	 BMCBI,
  year = 	 2004,
  volume = 5,
  number = 166
}

@article{ThorneEtal91,
author = {Thorne, J. L. and Kishino, H. and Felsenstein, J. },
title = {An Evolutionary Model for Maximum Likelihood Alignment of {DNA} Sequences},
journal = JME,
year = 1991,
volume = 33,
pages = {114-124}
}

@article{ThorneEtal92,
  author = "Thorne, J. L. and Kishino, H. and Felsenstein, J.",
  title = "Inching Toward Reality: an Improved Likelihood Model of
	Sequence Evolution",
  journal = JME,
  year = 1992,
  volume = 34,
  pages = "3-16"
}

@article{BishopThompson86,
author = {Bishop, M. J. and Thompson, E. A.},
title = {Maximum Likelihood alignment of {DNA} Sequences},
journal = JMB,
year = 1986,
volume = 190,
pages = {159-165}
}

@article{HasegawaEtal85,
  author = "Hasegawa, M. and Kishino, H. and Yano, T. ",
  title = "Dating the human-ape splitting by a molecular clock of
		  mitochondrial {DNA}",
  journal = JME,
  volume = 22,
  pages = "160-174",
  year = 1985
}

@InProceedings{MiklosEtal2001,
  author = 	 {I. Mikl\'{o}s and Toroczkai, Z.},
  title = 	 {An Improved Model for Statistical Alignment},
  year = 	 {2001},
  booktitle =    {First Workshop on Algorithms in Bioinformatics},
  publisher =    {Springer-Verlag},
  address =      {Berlin, Heidelberg}
}

@InProceedings{Hein2001,
  author = 	 {Hein, J.},
  title = 	 {An Algorithm for Statistical Alignment of Sequences Related by a Binary Tree},
  booktitle = 	 {Pacific Symposium on Biocomputing},
  pages = 	 {179-190},
  year = 	 {2001},
  editor = 	 {R. B. Altman and A. K. Dunker and L. Hunter and K. Lauderdale and T. E. Klein},
  publisher =    {World Scientific},
  address =      {Singapore}
}

@Article{Metzler2003,
  author = 	 {Metzler, D.},
  title = 	 {Statistical Alignment based on fragment insertion and deletion models},
  journal = 	 BI,
  year = 	 2003,
  volume = 19,
  number = 4,
  pages = {490-499}
}

@ARTICLE{Rivas05,
author = {Rivas, E.},
title = {Evolutionary models for insertions and deletions in a probabilistic modeling framework},
journal = BMCBI,
year = {2005},
volume = {6},
number = {63}
}

@Article{LunterSongMiklosHein2003,
  author = 	 {Lunter, G. A. and I. Mikl\'{o}s and Song, Y. S. and Hein, J.},
  title = 	 {An efficient algorithm for statistical multiple alignment on arbitrary phylogenetic trees},
  journal = 	 JCB,
  year = 	 2003,
  volume = 	 10,
  number = 	 6,
  pages = 	 {869-889}
}

@Article{Mealy55,
  author = 	 {Mealy, G. H.},
  title = 	 {A Method for Synthesizing Sequential Circuits},
  journal = 	 {Bell System Technical Journal},
  year = 	 1955,
  volume = 	 34,
  pages = 	 {1045-1079}
}

@Article{MohriPereiraRiley2000,
  author = 	 {Mohri, M. and Pereira, F. and Riley, M.},
  title = 	 {Weighted Finite-State Transducers in Speech Recognition},
  journal = 	 {Computer Speech and Language},
  year = 	 2002,
  volume = 16,
  number = 1,
  pages = 	 {69-88}
}

@Article{WangKeightleyJohnson2006,
   Author="Wang, Jun and Keightley, Peter D and Johnson, Toby",
   Title="{{M}{C}{A}{L}{I}{G}{N}2: faster, accurate global pairwise alignment of non-coding {D}{N}{A} sequences based on explicit models of indel evolution}",
   Journal=BMCBI,
   Year="2006",
   Volume="7",
   Pages="292"
}

@Article{RivasEddy2008,
   Author="Rivas, E. and Eddy, S.R.",
   Title="{{P}robabilistic phylogenetic inference with insertions and deletions}",
   Journal=PLOSCOMPBIO,
   Year="2008",
   Volume="4",
   Pages="e1000172"
}

@article{Mitchison99,
  author = "Mitchison, G. J.",
  title = "A probabilistic treatment of phylogeny and sequence alignment",
  journal = JME,
  year = 1999,
  volume = 49,
  number = 1,
  pages = {11-22}
}

% 15276848 
@Article{ChangBenner2004,
   Author="Chang, M. S.  and Benner, S. A. ",
   Title="{{E}mpirical analysis of protein insertions and deletions determining parameters for the correct placement of gaps in protein sequence alignments}",
   Journal="J. Mol. Biol.",
   Year="2004",
   Volume="341",
   Number="2",
   Pages="617--631",
   Month="Aug"
}


@article{Yang93,
  author = "Yang, Z. ",
  title = "Maximum-likelihood estimation of phylogeny from {DNA}
		  sequences when substitution rates differ over sites",
  journal = MBE,
  volume = 10,
  pages = "1396-1401",
  year = 1993
}


@article{Yang94,
  author = "Yang, Z. ",
  title = "Maximum likelihood phylogenetic estimation from {DNA}
		  sequences with variable rates over sites:
		  approximate methods",
  journal = JME,
  volume = 39,
  pages = "306-314",
  year = 1994
}

@incollection{BouchardCoteEtAl2009,
title = {Efficient Inference in Phylogenetic InDel Trees},
author = {Alexandre Bouchard-c\^{o}t\'{e} and Klein, Dan and Michael I. Jordan},
booktitle = {Advances in Neural Information Processing Systems 21},
editor = {D. Koller and D. Schuurmans and Y. Bengio and L. Bottou},
pages = {177--184},
year = {2009},
publisher = {Curran Associates, Inc.},
url = {http://papers.nips.cc/paper/3406-efficient-inference-in-phylogenetic-indel-trees.pdf}
}

@Article{BouchardCoteJordan2013,
   Author="Bouchard-Cote, A.  and Jordan, M. I. ",
   Title="{{E}volutionary inference via the {P}oisson {I}ndel {P}rocess}",
   Journal="Proc. Natl. Acad. Sci. U.S.A.",
   Year="2013",
   Volume="110",
   Number="4",
   Pages="1160--1166",
   Month="Jan"
}

% 17696604 
@Article{MeyerMiklos2007,
   Author="Meyer, I. M.  and Miklos, I. ",
   Title="{{S}imul{F}old: simultaneously inferring {R}{N}{A} structures including pseudoknots, alignments, and trees using a {B}ayesian {M}{C}{M}{C} framework}",
   Journal="PLoS Comput. Biol.",
   Year="2007",
   Volume="3",
   Number="8",
   Pages="e149",
   Month="Aug"
}


@Article{DoEtAl2005,
   Author="Do, Chuong B and Mahabhashyam, Mahathi S P and Brudno, Michael and Batzoglou, Serafim",
   Title="{{P}rob{C}ons: {P}robabilistic consistency-based multiple sequence alignment}",
   Journal=GR,
   Year="2005",
   Volume="15",
   Number="2",
   Pages="330--340",
   Month="Feb",
   Note="Comparative Study "
}

@Article{SuchardRedelings2006,
   Author="Suchard, Marc A and Redelings, Benjamin D",
   Title="{{B}{A}li-{P}hy: simultaneous {B}ayesian inference of alignment and phylogeny}",
   Journal="Bioinformatics",
   Year="2006",
   Volume="22",
   Number="16",
   Pages="2047--2048",
   Month="Aug"
}

@article{Holmes2003,
  author = 	 {Holmes, I.},
  title = 	 {Using guide trees to construct multiple-sequence evolutionary {HMM}s},
  journal = BI,
  volume = "19 Suppl. 1",
  pages = 	 {i147-157},
  year = 2003
}

@Article{WestessonEtAlArxiv2011,
  author = 	 {Westesson, O. and Lunter, G. and Paten, B. and Holmes, I.},
  title = 	 {Phylogenetic automata, pruning, and multiple alignment},
  journal = 	 {arXiv},
  year = 	 {2011},
  note = 	 {arXiv:1103.4347}
}

% statalign
% 18753153 
@Article{NovakEtAl2008,
   Author="Novak, A.  and Miklos, I.  and Lyngs?, R.  and Hein, J. ",
   Title="{{S}tat{A}lign: an extendable software package for joint {B}ayesian estimation of alignments and evolutionary trees}",
   Journal="Bioinformatics",
   Year="2008",
   Volume="24",
   Number="20",
   Pages="2403--2404",
   Month="Oct"
}
% 23335014 
@Article{ArunapuramEtAl2013,
   Author="Arunapuram, P.  and Edvardsson, I.  and Golden, M.  and Anderson, J. W.  and Novak, A.  and Sukosd, Z.  and Hein, J. ",
   Title="{{S}tat{A}lign 2.0: combining statistical alignment with {R}{N}{A} secondary structure prediction}",
   Journal="Bioinformatics",
   Year="2013",
   Volume="29",
   Number="5",
   Pages="654--655",
   Month="Mar"
}

@Misc{IndelHistorian,
  author = 	 {Holmes, I. H.},
  title = 	 {Historian: accurate reconstruction of sequences and rates},
  note = 	 {\url{https://github.com/ihh/indelhistorian}}
}

@Article{HohnaEtAl2016,
   Author="Hohna, S.  and Landis, M. J.  and Heath, T. A.  and Boussau, B.  and Lartillot, N.  and Moore, B. R.  and Huelsenbeck, J. P.  and Ronquist, F. ",
   Title="{{R}ev{B}ayes: {B}ayesian {P}hylogenetic {I}nference {U}sing {G}raphical {M}odels and an {I}nteractive {M}odel-{S}pecification {L}anguage}",
   Journal="Syst. Biol.",
   Year="2016",
   Volume="65",
   Number="4",
   Pages="726--736",
   Month="Jul"
}

@Article{pmid17996036,
   Author="Drummond, A. J.  and Rambaut, A. ",
   Title="{{B}{E}{A}{S}{T}: {B}ayesian evolutionary analysis by sampling trees}",
   Journal="BMC Evol. Biol.",
   Year="2007",
   Volume="7",
   Pages="214",
   Month="Nov"
}
@Article{pmid16928733,
   Author="Stamatakis, A. ",
   Title="{{R}{A}x{M}{L}-{V}{I}-{H}{P}{C}: maximum likelihood-based phylogenetic analyses with thousands of taxa and mixed models}",
   Journal="Bioinformatics",
   Year="2006",
   Volume="22",
   Number="21",
   Pages="2688--2690",
   Month="Nov"
}

% 15509596 
@Article{pmid15509596,
   Author="Pond, S. L.  and Frost, S. D.  and Muse, S. V. ",
   Title="{{H}y{P}hy: hypothesis testing using phylogenies}",
   Journal="Bioinformatics",
   Year="2005",
   Volume="21",
   Number="5",
   Pages="676--679",
   Month="Mar"
}

% 17483113 
@Article{pmid17483113,
   Author="Yang, Z. ",
   Title="{{P}{A}{M}{L} 4: phylogenetic analysis by maximum likelihood}",
   Journal="Mol. Biol. Evol.",
   Year="2007",
   Volume="24",
   Number="8",
   Pages="1586--1591",
   Month="Aug"
}

@Article{Felsenstein1989,
  author = 	 {Felsenstein, J.},
  title = 	 {{PHYLIP} - Phylogeny Inference Package (Version 3.2)},
  journal = 	 {Cladistics},
  year = 	 {1989},
  volume = 	 {5},
  pages = 	 {164-166}
}

% 11934758 
@Article{pmid11934758,
   Author="Schmidt, H. A.  and Strimmer, K.  and Vingron, M.  and von Haeseler, A. ",
   Title="{{T}{R}{E}{E}-{P}{U}{Z}{Z}{L}{E}: maximum likelihood phylogenetic analysis using quartets and parallel computing}",
   Journal="Bioinformatics",
   Year="2002",
   Volume="18",
   Number="3",
   Pages="502--504",
   Month="Mar"
}

@Article{pmid22693624,
   Author="Westesson, O.  and Holmes, I. ",
   Title="{{D}eveloping and applying heterogeneous phylogenetic models with {X}{R}ate}",
   Journal="PLoS ONE",
   Year="2012",
   Volume="7",
   Number="6",
   Pages="e36898"
}
